### New papers to add

@article{sun2020spadnet,
  title={SPADnet: {Deep RGB-SPAD} sensor fusion assisted by monocular depth estimation},
  author={Sun, Zhanghao and Lindell, David B and Solgaard, Olav and Wetzstein, Gordon},
  journal={Opt. Express},
  volume={28},
  number={10},
  pages={14948--14962},
  year={2020},
  publisher={Optical Society of America}
}

@article{liu2020phasor,
  title={Phasor field diffraction based reconstruction for fast non-line-of-sight imaging systems},
  author={Liu, Xiaochun and Bauer, Sebastian and Velten, Andreas},
  journal={Nat. Commun.},
  volume={11},
  number={1},
  pages={1--13},
  year={2020},
  publisher={Nature Publishing Group}
}

@article{o2018confocal,
  title={Confocal non-line-of-sight imaging based on the light-cone transform},
  author={O’Toole, Matthew and Lindell, David B and Wetzstein, Gordon},
  journal={Nature},
  volume={555},
  number={7696},
  pages={338--341},
  year={2018},
  publisher={Nature Publishing Group}
}

@article{lindell2019wave,
  title={Wave-based non-line-of-sight imaging using fast f--k migration},
  author={Lindell, David B and Wetzstein, Gordon and O'Toole, Matthew},
  journal={ACM Trans. Graph.},
  volume={38},
  number={4},
  pages={1--13},
  year={2019},
  publisher={ACM New York, NY, USA}
}

@article{liu2019non,
  title={Non-line-of-sight imaging using phasor-field virtual wave optics},
  author={Liu, Xiaochun and Guill{\'e}n, Ib{\'o}n and La Manna, Marco and Nam, Ji Hyun and Reza, Syed Azer and Le, Toan Huu and Jarabo, Adrian and Gutierrez, Diego and Velten, Andreas},
  journal={Nature},
  volume={572},
  number={7771},
  pages={620--623},
  year={2019},
  publisher={Nature Publishing Group}
}

@article{faccio2020non,
  title={Non-line-of-sight imaging},
  author={Faccio, Daniele and Velten, Andreas and Wetzstein, Gordon},
  journal={Nature Reviews Physics},
  pages={1--10},
  year={2020},
  publisher={Nature Publishing Group}
}

####

@Article{mcmanamon2012ladar,
author = {McManamon, Paul}, 
title = {Review of ladar: a historic, yet emerging, sensor technology with rich phenomenology}, 
journal = {Optical Engineering}, 
volume = {51}, 
number = {6}, 
pages = {060901}, 
year = {2012}
}

@Book{oconnortcspc,
author = {O’Connor, Desmond V. and Phillips, David}, 
title = {Time-correlated single photon counting}, 
publisher = {Academic Press}, 
year = {1984}, 
}

@book{o1984time,
  title={Time-correlated single photon counting},
  author={O'Connor, Desmond and Ph},
  year={1984},
  publisher={Elsevier}
}
@article{caramazza2018neural,
  title={Neural network identification of people hidden from view with a single-pixel, single-photon detector},
  author={Caramazza, Piergiorgio and Boccolini, Alessandro and Buschek, Daniel and Hullin, Matthias and Higham, Catherine F and Henderson, Robert and Murray-Smith, Roderick and Faccio, Daniele},
  journal={Sci. Rep.},
  volume={8},
  number={1},
  pages={11945},
  year={2018},
  publisher={Nature Publishing Group}
}

@inproceedings{gupta2019photonflooded,
  title={Photon-Flooded Single-Photon {3D} Cameras}, 
  author={Gupta, Anant and Ingle, Atul and Velten, Andreas and Gupta, Mohit}, 
  booktitle={Proc. CVPR}, 
  year={2019}, 
  organization={IEEE}
}

@inproceedings{ingle2019highflux,
  title = {High Flux Passive Imaging with Single-Photon Sensors}, 
  author = {Ingle, Atul and Velten, Andreas and Gupta, Mohit}, 
  booktitle = {Proc. CVPR}, 
  year = {2019}, 
  organization={IEEE}
}

@book{szeliski2010computer,
  title={Computer vision: {Algorithms} and applications},
  author={Szeliski, Richard},
  year={2010},
  publisher={Springer Science \& Business Media}
}

@inproceedings{schonberger2016structure,
  title={Structure-from-motion revisited},
  author={Schonberger, Johannes L and Frahm, Jan-Michael},
  booktitle={Proc. CVPR},
  year={2016},
  organization={IEEE}
}

@article{schwarz2010lidar,
  title={LIDAR: Mapping the world in 3D},
  author={Schwarz, Brent},
  journal={Nature Photonics},
  volume={4},
  number={7},
  pages={429},
  year={2010},
  publisher={Nature Publishing Group}
}

@inproceedings{scharstein2003high,
  title={High-accuracy stereo depth maps using structured light},
  author={Scharstein, Daniel and Szeliski, Richard},
  booktitle={Proc. CVPR},
  year={2003},
  organization={IEEE}
}

@inproceedings{kanade1996stereo,
  title={A stereo machine for video-rate dense depth mapping and its new applications},
  author={Kanade, Takeo and Yoshida, Atsushi and Oda, Kazuo and Kano, Hiroshi and Tanaka, Masaya},
  booktitle={Proc. CVPR},
  year={1996},
  organization={IEEE}
}

@Article{Alhashim2018,
author = {Alhashim, Ibraheem and Wonka, Peter}, 
title = {High Quality Monocular Depth Estimation via Transfer Learning}, 
journal = {arXiv:1812.11941v2}, 
year = {2018}, 
}

@Article{Heide:2018,
author = {Felix Heide and Steven Diamond and David B. Lindell and Gordon Wetzstein }, 
title = {Sub-picosecond photon-efficient {3D} imaging using single-photon sensors}, 
journal = {Sci. Rep.}, 
year = {2018}, 
volume = {8},
number = {17726},
}

@inproceedings{Eigen2014,
author = {Eigen, David and Puhrsch, Christian and Fergus, Rob}, 
title = {Depth map prediction from a single image using a multi-scale deep network}, 
booktitle = {Proc. NeurIPS}, 
year = {2014}, 
}

@inproceedings{Fu2018,
author = {Fu, Huan and Gong, Mingming and Wang, Chaohui and Batmanghelich, Kayhan and Tao, Dacheng}, 
title = {Deep ordinal regression network for monocular depth estimation}, 
booktitle = {Proc. CVPR}, 
year = {2018}, 
}

@inproceedings{Godard2017,
author = {Godard, Clément and Mac Aodha, Oisin and Brostow, Gabriel J}, 
title = {Unsupervised monocular depth estimation with left-right consistency}, 
booktitle = {Proc. CVPR}, 
year = {2017}, 
}

@book{Gonzalez2008,
 author = {Gonzalez, Rafael C. and Woods, Richard E.},
 title = {Digital Image Processing},
 year = {2008},
 publisher = {Prentice-Hall, Inc.},
 address = {Upper Saddle River, NJ, USA},
} 

@inproceedings{Ha2016,
author = {Ha, Hyowon and Im, Sunghoon and Park, Jaesik and Jeon, Hae-Gon and Kweon, In So}, 
title = {High-Quality Depth from Uncalibrated Small Motion Clip}, 
booktitle = {Proc. CVPR}, 
year = {2016}, 
}

@inproceedings{Hao2018,
author = {Hao, Zhixiang and Li, Yu and You, Shaodi and Lu, Feng}, 
editor = {}, 
title = {Detail Preserving Depth Estimation from a Single Image Using Attention Guided Networks}, 
booktitle = {Proc. 3DV}, 
year = {2018}, 
}

@Article{Horaud2016,
author = {Horaud, Radu and Hansard, Miles and Evangelidis, Georgios and Ménier, Clément}, 
title = {An overview of depth cameras and range scanners based on time-of-flight technologies}, 
journal = {Machine vision and applications}, 
volume = {27}, 
number = {7}, 
pages = {1005–1020}, 
year = {2016}, 
}

@Article{Karsch2014,
author = {Karsch, K and Liu, C and Kang, SB}, 
title = {Depth Transfer: Depth Extraction from Video Using Non-Parametric Sampling.}, 
journal = {IEEE Trans. Pattern Anal. Mach. Intell.}, 
volume = {36}, 
number = {11}, 
pages = {2144–2158}, 
year = {2014}, 
}


@inproceedings{Laina2016,
author = {Laina, Iro and Rupprecht, Christian and Belagiannis, Vasileios and Tombari, Federico and Navab, Nassir}, 
editor = {}, 
title = {Deeper depth prediction with fully convolutional residual networks}, 
booktitle = {Proc. 3DV}, 
publisher = {IEEE}, 
address = {}, 
year = {2016}, 
}

@Article{Lamb2010,
author = {Lamb, Robert and Buller, Gerald}, 
title = {Single-pixel imaging using {3D} scanning time-of-flight photon counting}, 
journal = {SPIE Newsroom}, 
volume = {}, 
number = {}, 
pages = {}, 
year = {2010}, 
abstract = {}, 
location = {}, 
keywords = {}}

@article{Lindell2018,
  title={Single-photon {3D} imaging with deep sensor fusion},
  author={Lindell, David B and O'Toole, Matthew and Wetzstein, Gordon},
  journal={ACM Trans. Graph. (SIGGRAPH)},
  volume={37},
  number={4},
  pages={113},
  year={2018},
  publisher={ACM}
}

@Article{Morovic2002,
author = {Morovic, Jan and Shaw, Julian and Sun, Pei-Li}, 
title = {A fast, non-iterative and exact histogram matching algorithm}, 
journal = {Pattern Recognit. Lett.}, 
volume = {23}, 
number = {1-3}, 
pages = {127–135}, 
year = {2002}, 
abstract = {}, 
location = {}, 
keywords = {}}


@Article{Niclass2005,
author = {Niclass, C. and Rochas, A. and Besse, P.-A. and Charbon, E.}, 
title = {Design and characterization of a {CMOS 3-D} image sensor based on single photon avalanche diodes}, 
journal = {IEEE J. Solid-State Circuits}, 
volume = {40}, 
number = {9}, 
pages = {1847–1854}, 
year = {2005}, 
abstract = {}, 
location = {}, 
keywords = {}}


@Article{Nikolova2013,
author = {Nikolova, Mila and Wen, You-Wei and Chan, Raymond}, 
title = {Exact Histogram Specification for Digital Images Using a Variational Approach}, 
journal = {J. Math. Imaging. Vis.}, 
volume = {46}, 
number = {3}, 
pages = {309–325}, 
year = {2013}, 
}

@inproceedings{OToole2017,
author = {O’Toole, M. and Heide, F. and Lindell, D. B. and Zang, K. and Diamond, S. and Wetzstein, G.}, 
title = {Reconstructing Transient Images from Single-Photon Sensors}, 
booktitle = {Proc. CVPR}, 
year = {2017}, 
}

@inproceedings{Rother2006,
author = {Rother, Carsten and Minka, Tom and Blake, Andrew and Kolmogorov, Vladimir}, 
title = {Cosegmentation of image pairs by histogram matching-incorporating a global constraint into {MRFs}}, 
booktitle = {Proc. CVPR}, 
year = {2006}, 
}


@article{gonzales1977gray,
  title={Gray-level transformations for interactive image enhancement},
  author={Gonzales, RC and Fittes, BA},
  journal={Mech. Mach. Theory},
  volume={12},
  number={1},
  pages={111--122},
  year={1977},
  publisher={Elsevier}
}

@inproceedings{Saxena2006,
author = {Saxena, Ashutosh and Chung, Sung H and Ng, Andrew Y}, 
title = {Learning depth from single monocular images}, 
booktitle = {Proc. NeurIPS}, 
year = {2006}, 
}

@Article{Shin2015,
author = {Shin, D and Kirmani, A and Goyal, V K and Shapiro, J H}, 
title = {Photon-Efficient Computational {3-D} and Reflectivity Imaging With Single-Photon Detectors}, 
journal = {IEEE Trans. Computat. Imag.}, 
volume = {1}, 
number = {2}, 
pages = {112–125}, 
year = {2015}, 
}

@Article{Shin2016,
author = {Shin, D and Xu, F and Venkatraman, D and Lussana, R and Villa, F and Zappa, F and Goyal, VK and Wong, FN and Shapiro, JH}, 
title = {Photon-efficient imaging with a single-photon camera.}, 
journal = {Nat. Commun.}, 
volume = {7}, 
pages = {12046}, 
year = {2016}, 
publisher = {Nature Publishing Group}
}

@Article{Stoppa2007,
author = {Stoppa, David and Pancheri, Lucio and Scandiuzzo, Mauro and Gonzo, Lorenzo and Dalla Betta, Gian-Franco and Simoni, Andrea}, 
title = {A {CMOS 3-D} imager based on single photon avalanche diode}, 
journal = {IEEE Trans. Circuits Syst. I, Reg. Papers}, 
volume = {54}, 
number = {1}, 
pages = {4–12}, 
year = {2007}, 
location = {}, 
keywords = {}}

@Article{Sun2016,
  title={Single-pixel three-dimensional imaging with time-based depth resolution},
  author={Sun, Ming-Jie and Edgar, Matthew P and Gibson, Graham M and Sun, Baoqing and Radwell, Neal and Lamb, Robert and Padgett, Miles J},
  journal={Nature Communications},
  volume={7},
  pages={12010},
  year={2016},
  publisher={Nature Publishing Group}
}

@Article{Swoboda2013,
author = {Swoboda, Paul and Schnörr, Christoph}, 
title = {Convex Variational Image Restoration with Histogram Priors}, 
journal = {SIAM J. Imaging Sci.}, 
volume = {6}, 
number = {3}, 
pages = {1719–1735}, 
year = {2013}, 
location = {}, 
}

@inproceedings{Xin2019,
author = {Xin, Shumian and Nousias, Sotiris and Kutulakos, Kiriakos N and Sankaranarayanan, Aswin C and Narasimhan, Srinivasa G and Gkioulekas, Ioannis}, 
title = {A theory of {Fermat} paths for non-line-of-sight shape reconstruction}, 
booktitle = {Proc. CVPR}, 
year = {2019}, 
keywords = {}}

@inproceedings{Xu2017,
author = {Xu, Dan and Ricci, Elisa and Ouyang, Wanli and Wang, Xiaogang and Sebe, Nicu}, 
title = {Multi-scale continuous {CRFs} as sequential deep networks for monocular depth estimation}, 
booktitle = {Proc. CVPR}, 
year = {2017}, 
}

@inproceedings{Xu2018,
author = {Xu, Dan and Wang, Wei and Tang, Hao and Liu, Hong and Sebe, Nicu and Ricci, Elisa}, 
title = {Structured attention guided convolutional neural fields for monocular depth estimation}, 
booktitle = {Proc. CVPR}, 
year = {2018}, 
keywords = {}}

@inproceedings{Zoran2015,
author = {Zoran, Daniel and Isola, Phillip and Krishnan, Dilip and Freeman, William T.}, 
title = {Learning Ordinal Relationships for Mid-Level Vision}, 
booktitle = {Proc. ICCV}, 
year = {2015}, 
keywords = {}}

@Article{Zhang2017,
author = {Zhang, Richard and Zhu, Jun-Yan and Isola, Phillip and Geng, Xinyang and Lin, Angela S and Yu, Tianhe and Efros, Alexei A}, 
title = {Real-Time User-Guided Image Colorization with Learned Deep Priors}, 
journal = {ACM Trans. Graph.}, 
volume = {9}, 
number = {4}, 
pages = {}, 
year = {2017}, 
keywords = {}}

@Article{Zhang2018,
author = {Zhang, C and Lindner, S and Antolovic, IM and Wolf, M and Charbon, E}, 
title = {A {CMOS SPAD} Imager with Collision Detection and 128 Dynamically Reallocating {TDCs} for Single-Photon Counting and {3D} Time-of-Flight Imaging.}, 
journal = {Sensors}, 
volume = {18}, 
number = {11}, 
pages = {}, 
year = {2018}, 
keywords = {}}


@inproceedings{Veerappan2011,
author = {Veerappan, Chockalingam and Richardson, Justin and Walker, Richard and Li, Day-Uey and Fishburn, Matthew W and Maruyama, Yuki and Stoppa, David and Borghetti, Fausto and Gersbach, Marek and Henderson, Robert K}, 
title = {A $160 \times 128$ single-photon image sensor with on-pixel 55ps 10b time-to-digital converter}, 
booktitle = {Proc. ISSCC}, 
year = {2011}, 
}

@article{Hoiem2005,
  title={Automatic photo pop-up},
  author={Hoiem, Derek and Efros, Alexei A and Hebert, Martial},
  journal={ACM Trans. Graph.},
  volume={24},
  number={3},
  pages={577--584},
  year={2005},
  organization={ACM}
}

@article{geiger2013vision,
  title={Vision meets robotics: The {KITTI} dataset},
  author={Geiger, Andreas and Lenz, Philip and Stiller, Christoph and Urtasun, Raquel},
  journal={Int. J. Robot. Res.},
  volume={32},
  number={11},
  pages={1231--1237},
  year={2013},
  publisher={Sage Publications Sage UK: London, England}
}


@inproceedings{ren2012rgb,
  title={Rgb-(d) scene labeling: Features and algorithms},
  author={Ren, Xiaofeng and Bo, Liefeng and Fox, Dieter},
  booktitle={Proc. CVPR},
  year={2012},
}

@inproceedings{silberman2012indoor,
  title={Indoor segmentation and support inference from {RGBD} images},
  author={Silberman, Nathan and Hoiem, Derek and Kohli, Pushmeet and Fergus, Rob},
  booktitle={Proc. ECCV},
  year={2012}
}

@inproceedings{gupta2013perceptual,
  title={Perceptual organization and recognition of indoor scenes from {RGB-D} images},
  author={Gupta, Saurabh and Arbelaez, Pablo and Malik, Jitendra},
  booktitle={Proc. CVPR},
  year={2013}
}

@inproceedings{shrivastava2013building,
  title={Building part-based object detectors via {3D} geometry},
  author={Shrivastava, Abhinav and Gupta, Abhinav},
  booktitle={Proc. ICCV},
  year={2013}
}

@inproceedings{lin2013holistic,
  title={Holistic scene understanding for {3D} object detection with {RGBD} cameras},
  author={Lin, Dahua and Fidler, Sanja and Urtasun, Raquel},
  booktitle={Proc. ICCV},
  year={2013}
}

@inproceedings{gupta2014learning,
  title={Learning rich features from {RGB-D} images for object detection and segmentation},
  author={Gupta, Saurabh and Girshick, Ross and Arbel{\'a}ez, Pablo and Malik, Jitendra},
  booktitle={Proc. ECCV},
  year={2014},
}

@inproceedings{song2014sliding,
  title={Sliding shapes for {3D} object detection in depth images},
  author={Song, Shuran and Xiao, Jianxiong},
  booktitle={Proc. ECCV},
  year={2014},
}

@INPROCEEDINGS{Rapp:2019,
author={J. {Rapp} and Y. {Ma} and R. M. A. {Dawson} and V. K. {Goyal}},
booktitle={Proc. ICASSP},
title={Dead Time Compensation for High-flux Depth Imaging},
year={2019},
}

@inproceedings{song2016deep,
  title={Deep sliding shapes for amodal {3D} object detection in {RGB-D} images},
  author={Song, Shuran and Xiao, Jianxiong},
  booktitle={Proc. CVPR},
  year={2016}
}

@inproceedings{wu20153d,
  title={{3D} shapenets: {A} deep representation for volumetric shapes},
  author={Wu, Zhirong and Song, Shuran and Khosla, Aditya and Yu, Fisher and Zhang, Linguang and Tang, Xiaoou and Xiao, Jianxiong},
  booktitle={Proc. CVPR},
  year={2015}
}

@inproceedings{maturana2015voxnet,
  title={Voxnet: {A} {3D} convolutional neural network for real-time object recognition},
  author={Maturana, Daniel and Scherer, Sebastian},
  booktitle={Proc. IROS},
  year={2015},
}

@inproceedings{qi2016volumetric,
  title={Volumetric and multi-view {CNNs} for object classification on {3D} data},
  author={Qi, Charles R and Su, Hao and Nie{\ss}ner, Matthias and Dai, Angela and Yan, Mengyuan and Guibas, Leonidas J},
  booktitle={Proc. CVPR},
  year={2016}
}

@inproceedings{zhang2013estimating,
  title={Estimating the {3D} layout of indoor scenes and its clutter from depth sensors},
  author={Zhang, Jian and Kan, Chen and Schwing, Alexander G and Urtasun, Raquel},
  booktitle={Proc. ICCV},
  year={2013}
}

@article{pawlikowska2017single,
  title={Single-photon three-dimensional imaging at up to 10 kilometers range},
  author={Pawlikowska, Agata M and Halimi, Abderrahim and Lamb, Robert A and Buller, Gerald S},
  journal={Opt. Express},
  volume={25},
  number={10},
  pages={11919--11931},
  year={2017},
}

@article{Li:2019,
  title={Single-photon computational {3D} imaging at 45 km},
  author={Li, Zheng-Ping and Huang, Xin and Cao, Yuan and Wang, Bin and Li, Yu-Huai and Jin, Weijie and Yu, Chao and Zhang, Jun and Zhang, Qiang and Peng, Cheng-Zhi and others},
  journal={arXiv preprint arXiv:1904.10341},
  year={2019}
}

@article{Kirmani:2014,
  title={First-photon imaging},
  author={Kirmani, Ahmed and Venkatraman, Dheera and Shin, Dongeek and Cola{\c{c}}o, Andrea and Wong, Franco NC and Shapiro, Jeffrey H and Goyal, Vivek K},
  journal={Science},
  volume={343},
  number={6166},
  pages={58--61},
  year={2014},
}

@article{Lasinger:2019,
  title={Towards Robust Monocular Depth Estimation: Mixing Datasets for Zero-Shot Cross-Dataset Transfer},
  author={Katrin Lasinger and René Ranftl and Konrad Schindler and Vladlen Koltun},
  journal={arXiv:1907.01341},
  year={2019}
}

@inproceedings{burri2016linospad,
  title={LinoSPAD: {A} time-resolved $256 \times 1$ {CMOS SPAD} line sensor system featuring 64 {FPGA}-based {TDC} channels running at up to 8.5 giga-events per second},
  author={Burri, Samuel and Homulle, Harald and Bruschini, Claudio and Charbon, Edoardo},
  booktitle={Optical Sensing and Detection IV},
  volume={9899},
  pages={98990D},
  year={2016},
  organization={International Society for Optics and Photonics}
}

@article{burri2017linospad,
  title={LinoSPAD: A compact linear {SPAD} camera system with 64 {FPGA}-based {TDC} modules for versatile 50 ps resolution time-resolved imaging},
  author={Burri, Samuel and Bruschini, Claudio and Charbon, Edoardo},
  journal={Instruments},
  volume={1},
  number={1},
  pages={6},
  year={2017},
  publisher={Multidisciplinary Digital Publishing Institute}
}

@inproceedings{Garg:2019,
  title={Learning Single Camera Depth Estimation using Dual-Pixels},
  author={Rahul Garg and Neal Wadhwa and Sameer Ansari and Jonathan T. Barron},
  booktitle={Proc. ICCV},
  year={2019},
}

@inproceedings{Chang:2019:DeepOptics3D,
author = {Julie Chang and Gordon Wetzstein},
title = {Deep Optics for Monocular Depth Estimation and {3D} Object Detection},
booktitle = {Proc. ICCV},
year = {2019},
}

@inproceedings{Wu:2019,
author = {Yicheng Wu and Vivek Boominathan and Huaijin Chen and Aswin Sankaranarayanan and Ashok Veeraraghavan},
title = {{PhaseCam3D}---{Learning} Phase Masks for Passive Single View Depth Estimation},
booktitle = {Proc. ICCP},
year = {2019},
}
